<record><leader>00000cas a22000007a 4500</leader><controlfield tag="001">11048911</controlfield><controlfield tag="008">840813d186u1960iaudn ne      0   a0eng d</controlfield><datafield ind1=" " ind2=" " tag="010"><subfield code="a">sn 84027330 </subfield></datafield><datafield ind1=" " ind2=" " tag="040"><subfield code="a">NPU</subfield><subfield code="b">eng</subfield><subfield code="c">NPU</subfield><subfield code="d">NPX</subfield><subfield code="d">NSD</subfield><subfield code="d">INP</subfield><subfield code="d">NSD</subfield><subfield code="d">INP</subfield><subfield code="d">OCLCQ</subfield><subfield code="d">DLC</subfield></datafield><datafield ind1=" " ind2=" " tag="042"><subfield code="a">msc</subfield></datafield><datafield ind1="0" ind2="0" tag="245"><subfield code="a">Ottumwa daily courier.</subfield></datafield><datafield ind1="3" ind2="0" tag="246"><subfield code="a">Ottumwa courier</subfield></datafield><datafield ind1="3" ind2="0" tag="246"><subfield code="a">Daily Ottumwa courier</subfield></datafield><datafield ind1="1" ind2="3" tag="246"><subfield code="a">Daily courier</subfield><subfield code="f">&lt;Aug. 4, 1879-June 22, 1892&gt;</subfield></datafield><datafield ind1=" " ind2=" " tag="260"><subfield code="a">Ottumwa, Iowa :</subfield><subfield code="b">J.M. Hedrick &amp; Co.,</subfield><subfield code="c">-1960.</subfield></datafield><datafield ind1=" " ind2=" " tag="300"><subfield code="a">v. :</subfield><subfield code="b">ill.</subfield></datafield><datafield ind1=" " ind2=" " tag="310"><subfield code="a">Daily (except Sunday)</subfield></datafield><datafield ind1="0" ind2=" " tag="362"><subfield code="a">-v. 99, no. 153 (Sept. 29, 1960).</subfield></datafield><datafield ind1=" " ind2=" " tag="500"><subfield code="a">"Daily" appears above title ornament, &lt;June 6, 1867&gt; and &lt;Jan. 13, 1877&gt;.</subfield></datafield><datafield ind1=" " ind2=" " tag="500"><subfield code="a">Publisher varies.</subfield></datafield><datafield ind1=" " ind2=" " tag="500"><subfield code="a">Aug. 5, 1905-&lt;Jan. 5, 1917&gt; includes weekly children's section called: The Courier junior.</subfield></datafield><datafield ind1=" " ind2=" " tag="500"><subfield code="a">&lt;Jan. 3, 1871-Aug. 24, 1968&gt; includes weekly " Territorial celebration " section.</subfield></datafield><datafield ind1=" " ind2=" " tag="500"><subfield code="a">"Diamond jubilee edition" published Aug. 4, 1923.</subfield></datafield><datafield ind1=" " ind2=" " tag="500"><subfield code="a">"Morrell centennial" edition published Oct. 19, 1927.</subfield></datafield><datafield ind1=" " ind2=" " tag="500"><subfield code="a">"Centennial edition" published Aug. 7, 1948.</subfield></datafield><datafield ind1=" " ind2=" " tag="515"><subfield code="a">Issues lack numbering, &lt;1877-1887&gt;; numbering resumes with &lt;v. 35, no. 70 (July 2, 1900)&gt;.</subfield></datafield><datafield ind1=" " ind2=" " tag="515"><subfield code="a">Occasional errors in numbering.</subfield></datafield><datafield ind1=" " ind2=" " tag="525"><subfield code="a">Has occasional supplements.</subfield></datafield><datafield ind1=" " ind2=" " tag="588"><subfield code="a">Description based on: Vol. 3, no. 1 (June 6, 1867).</subfield></datafield><datafield ind1=" " ind2=" " tag="752"><subfield code="a">United States</subfield><subfield code="b">Iowa</subfield><subfield code="c">Wapello</subfield><subfield code="d">Ottumwa.</subfield></datafield><datafield ind1="0" ind2=" " tag="775"><subfield code="t">Weekly Ottumwa courier</subfield><subfield code="w">(DLC)sn 84027352</subfield><subfield code="g">&lt;June 6, 1867&gt;-July 27, 1899</subfield></datafield><datafield ind1="0" ind2=" " tag="775"><subfield code="t">Ottumwa semi-weekly courier</subfield><subfield code="w">(DLC)sn 86061214</subfield><subfield code="g">Aug. 1, 1899-Oct. 15, 1903</subfield></datafield><datafield ind1="0" ind2=" " tag="775"><subfield code="t">Ottumwa tri-weekly courier</subfield><subfield code="x">2375-3285</subfield><subfield code="w">(DLC)sn 86061215</subfield><subfield code="g">Oct. 20, 1903-Sept. 26, 1916</subfield><subfield code="w">(OCoLC)14941985</subfield></datafield><datafield ind1="0" ind2=" " tag="775"><subfield code="t">Ottumwa semi-weekly courier (1916)</subfield><subfield code="x">2375-3250</subfield><subfield code="w">(DLC)sn 86061216</subfield><subfield code="g">Sept. 29, 1916-June 4, 1918</subfield><subfield code="w">(OCoLC)14942033</subfield></datafield><datafield ind1="0" ind2="0" tag="780"><subfield code="t">Daily evening courier (Ottumwa, Iowa)</subfield><subfield code="w">(DLC)sn 87058554</subfield></datafield><datafield ind1="0" ind2="0" tag="785"><subfield code="t">Ottumwa courier</subfield><subfield code="x">0886-4209</subfield><subfield code="w">(DLC)sn 85003637</subfield></datafield><datafield ind1="1" ind2=" " tag="029"><subfield code="a">AU@</subfield><subfield code="b">000023525575</subfield></datafield></record>